<record><leader>00000cas a22000007a 4500</leader><controlfield tag="001">11829123</controlfield><controlfield tag="008">850320d19711980utuwr ne      0    0eng d</controlfield><datafield ind1=" " ind2=" " tag="010"><subfield code="a">sn 85058069 </subfield></datafield><datafield ind1=" " ind2=" " tag="040"><subfield code="a">UNP</subfield><subfield code="b">eng</subfield><subfield code="c">UNP</subfield><subfield code="d">OCLCQ</subfield></datafield><datafield ind1=" " ind2=" " tag="042"><subfield code="a">msc</subfield></datafield><datafield ind1="0" ind2="0" tag="245"><subfield code="a">Clearfield courier.</subfield></datafield><datafield ind1=" " ind2=" " tag="260"><subfield code="a">Roy, Utah :</subfield><subfield code="b">J.H. Stahle,</subfield><subfield code="c">-1980.</subfield></datafield><datafield ind1=" " ind2=" " tag="300"><subfield code="a">v. :</subfield><subfield code="b">ill.</subfield></datafield><datafield ind1=" " ind2=" " tag="310"><subfield code="a">Weekly</subfield></datafield><datafield ind1="1" ind2=" " tag="362"><subfield code="a">Began in 1971.</subfield><subfield code="z">Cf. Ayers, 1973.</subfield></datafield><datafield ind1="0" ind2=" " tag="362"><subfield code="a">-v. 31, no. 34 (Aug. 20, 1980).</subfield></datafield><datafield ind1=" " ind2=" " tag="580"><subfield code="a">Merged with: Sun chronicle, and: Sun times (Roy, Utah) (non-extant), to form: Lakeside review (Roy, Utah).</subfield></datafield><datafield ind1=" " ind2=" " tag="588"><subfield code="a">Description based on: Vol. 7, no. 6 (Jan. 11, 1978).</subfield></datafield><datafield ind1=" " ind2=" " tag="752"><subfield code="a">United States</subfield><subfield code="b">Utah</subfield><subfield code="c">Davis</subfield><subfield code="d">Clearfield.</subfield></datafield><datafield ind1="1" ind2="7" tag="785"><subfield code="t">Sun chronicle</subfield><subfield code="w">(DLC)sn 85058068</subfield><subfield code="w">(OCoLC)11829083</subfield></datafield><datafield ind1="1" ind2="7" tag="785"><subfield code="t">Sun times (Roy, Utah)</subfield></datafield><datafield ind1="1" ind2="7" tag="785"><subfield code="t">Lakeside review (Roy, Utah)</subfield><subfield code="w">(DLC)sn 85058070</subfield><subfield code="w">(OCoLC)11829133</subfield></datafield></record>